@article{balemans1992assessment,
  title  = {Assessment of criteria for energetic effectiveness of greenhouse screens.},
  author = {Balemans, LJ},
  year   = {1992}
}

@phdthesis{stanghellini1987transpiration,
  title  = {Transpiration of greenhouse crops: an aid to climate management},
  author = {Stanghellini, Cecilia},
  year   = {1987},
  school = {IMAG}
}

@book{vanthoor2011model,
  title  = {A model-based greenhouse design method},
  author = {Vanthoor, Bram HE},
  year   = {2011}
}